@misc{statista,
  author = {Statista},
  title = {Number of internet and social media users worldwide as of July 2022},
  year = {2022},
  note = {\url{https://www.statista.com/statistics/617136/digital-population-worldwide/}, (accessed: 13.11.2022)},
  url = {https://www.statista.com/statistics/617136/digital-population-worldwide/}
}

@misc{statista_util_2027,
    title="Number of social media users worldwide from 2018 to 2027",
    url="https://www.statista.com/statistics/278414/number-of-worldwide-social-network-users/",
    note = {\url{https://www.statista.com/statistics/278414/number-of-worldwide-social-network-users/}, (accessed: 13.11.2022)},
    author = "Statista"
}

@misc{growth_tiktok,
    title="TikTok Revenue and Usage Statistics (2022)",
    url="https://www.businessofapps.com/data/tik-tok-statistics/",
    note = {\url{https://www.businessofapps.com/data/tik-tok-statistics/}, (accessed: 13.11.2022)},
    author = "Business of Apps"
}

@misc{investopedia,
    title="How Facebook (Meta), Twitter, Social Media Make Money From You",
    url="https://www.investopedia.com/stock-analysis/032114/how-facebook-twitter-social-media-make-money-you-twtr-lnkd-fb-goog.aspx",
    note = {\url{https://www.investopedia.com/stock-analysis/032114/how-facebook-twitter-social-media-make-money-you-twtr-lnkd-fb-goog.aspx}, (accessed: 13.11.2022)},
    author = "GREG MCFARLANE"
}

@misc{neo4j,
    title="Neo4J Graph Database",
    url="https://neo4j.com/cloud/platform/aura-graph-database/?ref=nav-get-started-cta",
    note = {\url{https://neo4j.com/cloud/platform/aura-graph-database/?ref=nav-get-started-cta}, (accessed: 13.11.2022)},
    author = "Neo4J"
}

@article{multi-feature-recommendation,
    title = {Using multi-features to partition users for friends recommendation in location based social network},
    journal = {Information Processing \& Management},
    volume = {57},
    number = {1},
    pages = {102125},
    year = {2020},
    issn = {0306-4573},
    doi = {https://doi.org/10.1016/j.ipm.2019.102125},
    url = {https://www.sciencedirect.com/science/article/pii/S0306457319303188},
    author = {Mingjun Xin and Lijun Wu},
    keywords = {Friend recommendation, Binary classification, SVM, Multi-feature}
}

@inproceedings{convolutional-network,
    author = {Yu, Junliang and Yin, Hongzhi and Li, Jundong and Wang, Qinyong and Hung, Nguyen Quoc Viet and Zhang, Xiangliang},
    title = {Self-Supervised Multi-Channel Hypergraph Convolutional Network for Social Recommendation},
    year = {2021},
    isbn = {9781450383127},
    publisher = {Association for Computing Machinery},
    address = {New York, NY, USA},
    url = {https://doi.org/10.1145/3442381.3449844},
    doi = {10.1145/3442381.3449844},
    booktitle = {Proceedings of the Web Conference 2021},
    pages = {413–424},
    numpages = {12},
    keywords = {Recommender Systems, Social Recommendation, Hypergraph Learning, Self-supervised Learning, Graph Convolutional Network},
    location = {Ljubljana, Slovenia},
    series = {WWW '21}
}

@article{semantic-analysis-recommendation,
    title = {Recommendations-based on semantic analysis of social networks in learning environments},
    journal = {Computers in Human Behavior},
    volume = {101},
    pages = {435-449},
    year = {2019},
    issn = {0747-5632},
    doi = {https://doi.org/10.1016/j.chb.2018.08.051},
    url = {https://www.sciencedirect.com/science/article/pii/S0747563218304266},
    author = {Abdelaziz Khaled and Samir Ouchani and Chemseddine Chohra},
    keywords = {Web semantics, Web 2.0, Social network analysis, Social learning networks, User's behavior, Community detection}
}

@Article{prediction-social-network,
    author={Dong, Liyan
    and Li, Yongli
    and Yin, Han
    and Le, Huang
    and Rui, Mao},
    title={The Algorithm of Link Prediction on Social Network},
    journal={Mathematical Problems in Engineering},
    year={2013},
    month={Sep},
    day={17},
    publisher={Hindawi Publishing Corporation},
    volume={2013},
    pages={125123},
    issn={1024-123X},
    doi={10.1155/2013/125123},
    url={https://doi.org/10.1155/2013/125123}
}

@misc{cypher,
    title="Cypher Query Language",
    url="https://neo4j.com/developer/cypher/",
    note = {\url{https://neo4j.com/developer/cypher/}, (accessed: 13.11.2022)},
    author = "Neo4J"
}

@misc{python,
    title="Beginner's Guide to Python",
    url="https://wiki.python.org/moin/BeginnersGuide",
    note = {\url{https://wiki.python.org/moin/BeginnersGuide}, (accessed: 13.11.2022)},
    author = "Python"
}

@misc{protege,
    title="A free, open-source ontology editor and framework for building intelligent systems",
    url="https://protege.stanford.edu/",
    note = {\url{https://protege.stanford.edu/}, (accessed: 07.01.2023)},
    author = "National Institute of General Medical Sciences."
}

@misc{fastapi,
    title="Fast API",
    url="https://fastapi.tiangolo.com/",
    note = {\url{https://fastapi.tiangolo.com/}, (accessed: 07.01.2023)},
    author = "Sebastián Ramírez"
}